<record><leader>00000cas a22000007a 4500</leader><controlfield tag="001">17538907</controlfield><controlfield tag="008">880225d197u1977paudn ne      0    0eng d</controlfield><datafield ind1=" " ind2=" " tag="010"><subfield code="a">sn 88079405 </subfield></datafield><datafield ind1=" " ind2=" " tag="040"><subfield code="a">NPH</subfield><subfield code="b">eng</subfield><subfield code="c">NPH</subfield><subfield code="d">OCLCQ</subfield></datafield><datafield ind1=" " ind2=" " tag="042"><subfield code="a">msc</subfield></datafield><datafield ind1="0" ind2=" " tag="130"><subfield code="a">Today's post (King of Prussia, Pa. : Chester County ed.)</subfield></datafield><datafield ind1="1" ind2="0" tag="245"><subfield code="a">Today's post.</subfield></datafield><datafield ind1=" " ind2=" " tag="250"><subfield code="a">Chester County ed.</subfield></datafield><datafield ind1=" " ind2=" " tag="260"><subfield code="a">King of Prussia, Pa. :</subfield><subfield code="b">Montgomery Pub. Co.,</subfield><subfield code="c">-1977.</subfield></datafield><datafield ind1=" " ind2=" " tag="300"><subfield code="a">v.</subfield></datafield><datafield ind1=" " ind2=" " tag="310"><subfield code="a">Daily (except Sat. and Sun.)</subfield></datafield><datafield ind1="0" ind2=" " tag="362"><subfield code="a">-v. 7, no. 8 (Feb. 18, 1977).</subfield></datafield><datafield ind1=" " ind2=" " tag="588"><subfield code="a">Description based on: Vol. 3, no. 235 (Jan. 9, 1974).</subfield></datafield><datafield ind1=" " ind2=" " tag="752"><subfield code="a">United States</subfield><subfield code="b">Pennsylvania</subfield><subfield code="c">Montgomery</subfield><subfield code="d">King of Prussia.</subfield></datafield><datafield ind1=" " ind2=" " tag="752"><subfield code="a">United States</subfield><subfield code="b">Pennsylvania</subfield><subfield code="c">Chester.</subfield></datafield><datafield ind1="0" ind2=" " tag="775"><subfield code="t">Today's post (King of Prussia, Pa. : Montgomery ed.)</subfield><subfield code="w">(DLC)sn 88079400</subfield></datafield><datafield ind1="0" ind2=" " tag="775"><subfield code="t">Today's post (King of Prussia, Pa. : Radnor/Upper Main Line ed.)</subfield><subfield code="w">(DLC)sn 88079404</subfield></datafield><datafield ind1="0" ind2="1" tag="780"><subfield code="t">Today's post (King of Prussia, Pa. : Upper Main Line ed. : 1971)</subfield><subfield code="w">(DLC)sn 88079403</subfield></datafield><datafield ind1="0" ind2="7" tag="785"><subfield code="t">Today's post (King of Prussia, Pa. : Radnor/Upper Main Line ed.)</subfield><subfield code="w">(DLC)sn 88079404</subfield></datafield><datafield ind1="0" ind2="7" tag="785"><subfield code="t">Today's post (King of Prussia, Pa. : Upper Main Line/Chester County ed.)</subfield><subfield code="w">(DLC)sn 88079406</subfield></datafield><datafield ind1="1" ind2=" " tag="029"><subfield code="a">AU@</subfield><subfield code="b">000025788900</subfield></datafield></record>